@ONLINE{cejpek98,
	key = "kokot",
    author = "Ji{\v{r}}{\'{i}} Cejpek",
    title = "Informace jako psychofyziologický jev a proces",
    note = "Sborník prací Flozofické fakulty Brnìnské univerzity, B~45",
    cited = "19.\,10.\,2005",
    year = "1998",
    url = "http://www.phil.muni.cz/fil/sbornik/1998/10cejpek.html"
}

@ONLINE{MSMT,
    author = "MŠMT",
    title = "Rámcový vzdělávací program pro předškolní vzdělávání",
    note = "",
    cited = "19.\,10.\,2005",
    year = "2004",
    url = "http://www.msmt.cz/Files/DOC/MJRVPPVdoVestnikupokorekture2.doc"
}

@BOOK{Walterova,
    author = "Eliška Walterová",
    title = "Kurikulum – Proměny a trendy v mezinárodní perspektivě",
    year = "1994",
    publisher = "Brno",    
    isbn = "80-210-0846-6"
}

@BOOK{Prucha,
    author = "Jan Průcha",
    title = "Moderní pedagogika",
    year = "2005",
    publisher = "Praha:Portál",
}